% ------------------------------------------------------------------------
% BIBLIOGRAFIA
% ------------------------------------------------------------------------

@online{www1,
  TITLE =        {Strona internetowa firmy Microsoft},
  URL =    		 {https://visualstudio.microsoft.com/pl/vs},
  URLDATE =		 {2012-10-22}
}

@online{www2,
	TITLE =        {Strona internetowa narzÄ™dzia Git For Windows},
	URL =    		 {https://git-scm.com/download/win},
	URLDATE =		 {2022-10-22}
}
